<record><leader>00000cas a2200000 a 4500</leader><controlfield tag="001">34502281</controlfield><controlfield tag="007">hd afu---bbct</controlfield><controlfield tag="007">hd bfu---bbat</controlfield><controlfield tag="008">960402d18711939nbumr nea     0   a0dak d</controlfield><datafield ind1=" " ind2=" " tag="010"><subfield code="a">sn 96080198 </subfield></datafield><datafield ind1=" " ind2=" " tag="040"><subfield code="a">NVG</subfield><subfield code="b">eng</subfield><subfield code="c">NVG</subfield><subfield code="d">OCL</subfield><subfield code="d">OCLCQ</subfield><subfield code="d">OCLCG</subfield><subfield code="d">OCLCQ</subfield><subfield code="d">OCLCF</subfield><subfield code="d">OCLCO</subfield></datafield><datafield ind1="1" ind2=" " tag="029"><subfield code="a">AU@</subfield><subfield code="b">000012446583</subfield></datafield><datafield ind1="0" ind2=" " tag="041"><subfield code="a">dakeng</subfield></datafield><datafield ind1=" " ind2=" " tag="042"><subfield code="a">msc</subfield></datafield><datafield ind1=" " ind2=" " tag="043"><subfield code="a">n-us-sd</subfield></datafield><datafield ind1="0" ind2=" " tag="130"><subfield code="a">Iapi oaye (Greenwood, Dakota Territory)</subfield></datafield><datafield ind1="1" ind2="0" tag="245"><subfield code="a">Iapi oaye</subfield><subfield code="h">[microform].</subfield></datafield><datafield ind1="3" ind2="1" tag="246"><subfield code="a">Word carrier</subfield></datafield><datafield ind1=" " ind2=" " tag="260"><subfield code="a">Greenwood, D.T. [S.D.] :</subfield><subfield code="b">Dakota Mission,</subfield><subfield code="c">1871-1939.</subfield></datafield><datafield ind1=" " ind2=" " tag="300"><subfield code="a">68 v. :</subfield><subfield code="b">ill. ;</subfield><subfield code="c">30-40 cm.</subfield></datafield><datafield ind1=" " ind2=" " tag="310"><subfield code="a">Monthly,</subfield><subfield code="b">July 1937-&lt;1939&gt;</subfield></datafield><datafield ind1=" " ind2=" " tag="321"><subfield code="a">Monthly,</subfield><subfield code="b">1871-Sept. 1936</subfield></datafield><datafield ind1=" " ind2=" " tag="321"><subfield code="a">Weekly,</subfield><subfield code="b">Oct. 15 1936-June 23, 1937</subfield></datafield><datafield ind1="0" ind2=" " tag="362"><subfield code="a">Vol. 1, no. 1 (May 1871)-</subfield></datafield><datafield ind1="1" ind2=" " tag="362"><subfield code="a">Ceased with v. 68, no. 7 (Mar. 1939).</subfield></datafield><datafield ind1=" " ind2=" " tag="500"><subfield code="a">Issues for 1873-1883 and Oct. 28, 1936-Dec. 1938 also have English title: Word Carrier.</subfield></datafield><datafield ind1=" " ind2=" " tag="500"><subfield code="a">Published in Greenwood, S.D., May 1871-Dec. 1887, in Santee, Neb., Jan. 1888-&lt;1939&gt;.</subfield></datafield><datafield ind1=" " ind2=" " tag="500"><subfield code="a">Editor: John P. Williamson.</subfield></datafield><datafield ind1=" " ind2=" " tag="515"><subfield code="a">Numbering changed on Aug. 1937 issue to correspond with English edition.</subfield></datafield><datafield ind1=" " ind2=" " tag="546"><subfield code="a">Text in Dakota in the Santee dialect, 1871-Jun 1872 and 1884-1887.</subfield></datafield><datafield ind1=" " ind2=" " tag="546"><subfield code="a">Vols. 2-12 (1873-1883) and v. 65, no. 9 (Oct. 28, 1936)-v. 68, no. 4 (Dec. 1938) have sections in English.</subfield></datafield><datafield ind1=" " ind2=" " tag="580"><subfield code="a">English ed.: Word carrier, 1884-1903, and: Word carrier of Santee Normal Training School, 1903-&lt;1939&gt;.</subfield></datafield><datafield ind1=" " ind2=" " tag="533"><subfield code="a">Microfilm.</subfield><subfield code="m">1871-1939:[Gaps]</subfield><subfield code="b">Lincoln, Neb. :</subfield><subfield code="c">Nebraska State Historical Society,</subfield><subfield code="d">1977.</subfield><subfield code="e">3 microfilm reels ; 35 mm.</subfield></datafield><datafield ind1=" " ind2="0" tag="650"><subfield code="a">Dakota Indians</subfield><subfield code="v">Newspapers.</subfield></datafield><datafield ind1=" " ind2="0" tag="650"><subfield code="a">Dakota Indians</subfield><subfield code="x">Missions</subfield><subfield code="v">Newspapers.</subfield></datafield><datafield ind1=" " ind2="0" tag="651"><subfield code="a">Greenwood (S.D.)</subfield><subfield code="v">Newspapers.</subfield></datafield><datafield ind1=" " ind2="7" tag="655"><subfield code="a">Newspapers.</subfield><subfield code="2">fast</subfield><subfield code="0">(OCoLC)fst01423814</subfield></datafield><datafield ind1=" " ind2="7" tag="650"><subfield code="a">Dakota Indians.</subfield><subfield code="2">fast</subfield><subfield code="0">(OCoLC)fst00887107</subfield></datafield><datafield ind1=" " ind2="7" tag="650"><subfield code="a">Dakota Indians</subfield><subfield code="x">Missions.</subfield><subfield code="2">fast</subfield><subfield code="0">(OCoLC)fst00887128</subfield></datafield><datafield ind1=" " ind2="7" tag="651"><subfield code="a">South Dakota</subfield><subfield code="z">Greenwood.</subfield><subfield code="2">fast</subfield><subfield code="0">(OCoLC)fst01260967</subfield></datafield><datafield ind1="1" ind2=" " tag="700"><subfield code="a">Williamson, John Poage,</subfield><subfield code="d">1835-1917.</subfield></datafield><datafield ind1=" " ind2=" " tag="752"><subfield code="a">United States</subfield><subfield code="b">Nebraska</subfield><subfield code="c">Knox</subfield><subfield code="d">Santee.</subfield></datafield><datafield ind1=" " ind2=" " tag="752"><subfield code="a">United States</subfield><subfield code="b">South Dakota</subfield><subfield code="c">Charles Mix</subfield><subfield code="d">Greenwood.</subfield></datafield><datafield ind1="1" ind2=" " tag="775"><subfield code="t">Word carrier</subfield><subfield code="w">(DLC)sn 96080199</subfield></datafield><datafield ind1="1" ind2=" " tag="775"><subfield code="t">Word carrier of Santee Normal Training School</subfield><subfield code="w">(DLC)sn 96080200</subfield></datafield><datafield ind1="1" ind2=" " tag="776"><subfield code="c">Original</subfield><subfield code="w">(DLC)sn 95063058</subfield></datafield></record>